@article{Kasemer2017,
      doi = {10.1016/j.actamat.2017.06.059},
      year = {2017},
      month = sep,
      publisher = {Elsevier {BV}},
      volume = {136},
      pages = {288--302},
      author = {Matthew Kasemer and McLean P. Echlin and Jean Charles Stinville and Tresa M. Pollock and Paul Dawson},
      title = {On slip initiation in equiaxed $\upalpha$/$\upbeta$ Ti-6Al-4V},
      journal = {Acta Materialia}
}